@misc{ref1,
    author={Kenneth Laudon and Jane Laudon},
    title={Managing Information Systems},
    year = "2009",
    publisher = {Pearson College Div; 11e édition}
}

@misc {ref2,
    author={Pascal Roques and Franck Vallée},
    title={UML 2 en action De l’analyse des besoins à la conception},
     year = "2007",
    publisher = {éditions eyrolles; 4e édition}
}

@misc {ref3,
    author={Boubker Sbihi},
    howpublished={\url{https://edutice.archives-ouvertes.fr/edutice-00277818/file/a0509b.htm}},
    note = {en ligne; visité :04/03/2022}
}

@misc {ref4,
    author={ibm},
    howpublished={\url{https://www.ibm.com/docs/fr/rational-soft-arch/9.5?topic=diagrams-use-case}},
    note = {en ligne; visité :04/03/2022}
}

@misc{ref5,
    author={Laurent DEBRAUWER and Fien VAN DER HEYDE},
    title={UML 2.5 Initiation, exemples et exercices corrigés},
    year = "2016",
    publisher = {Editions E.N.I; 4e édition}
}